@article{citetest,
	author = {Max Mustermann and Simone Musterfrau},
	journal = {Physical Review Letters},
	number = {059784},
	title = {Kurzer Titel f{\"u}r ein sch{\"o}nes Paper},
	volume = {95},
	year = {2005}
}