%% LaTeX2e file `quellen.bib'
%% generated by the `filecontents' environment
%% from source `Themenverteidigung' on 2018/09/27.
%%
@book{Becker.2008,
 author = {Becker, J.},
 year = {2008},
 title = {Prozessmanagement: Ein Leitfaden zur prozessorientierten Organisationsgestaltung},
 address = {Berlin},
 edition = {6. Auflage},
 publisher = {Springer},
 }
  @book{BrechtHadraschek.2013,
 author = {Brecht-Hadraschek, B. and Feldbr{\"u}gge, R.},
 year = {2013},
 title = {Prozessmanagement: Gesch{\"a}ftsprozesse analysieren und gestalten},
 address = {M{\"u}nchen},
 edition = {3. Auflage},
 publisher = {Redline Verlag},
 }

  @book{Davenport.1993,
 author = {Davenport, T. H.},
 year = {1993},
 title = {Process Innovation: Reengineering Work Through Information Technology},
 publisher = {Harvard Business Review Press},
 edition = {1. Auflage}
 }

  @book{Franck.2006,
 author = {Franck, P. and Wiegand, B.},
 year = {2006},
 title = {Lean Administration: So werden Gesch{\"a}ftsprozesse transparent},
 address = {Aachen},
 edition = {2. Auflage},
 publisher = {Lean Management Institut}
 }

  @book{Jung.2002,
 author = {Jung, B.},
 year = {2002},
 title = {Prozessmanagement in der Praxis: Vorgehensweisen, Methoden, Erfahrungen},
 address = {K{\"o}ln and [Z{\"u}rich]},
 publisher = {T{\"U}V-Verlag and vdf Hochschulverlag},
 edition = {2. Auflage}
 }

  @book{Kamiske.2003,
 author = {Kamiske, G. F. and Brauer, J.-P.},
 year = {2003},
 title = {Qualit{\"a}tsmanagement von A bis Z: Erl{\"a}uterungen moderner Begriffe des Qualit{\"a}tsmanagements},
 address = {M{\"u}nchen},
 edition = {4. Auflage},
 publisher = {Hanser},
 }
